<?xml version="1.0" encoding="UTF-8" standalone="no"?>
<collection xmlns="http://www.loc.gov/MARC21/slim" xmlns:xsi="http://www.w3.org/2001/XMLSchema-instance" xsi:schemaLocation="http://www.loc.gov/MARC21/slim http://www.loc.gov/standards/marcxml/schema/MARC21slim.xsd">
    <record xsi:schemaLocation="http://www.loc.gov/MARC21/slim http://www.loc.gov/standards/marcxml/schema/MARC21slim.xsd">
      <leader>     nz  a22     n  4500</leader>
      <controlfield tag="001">000000824</controlfield>
      <controlfield tag="005">20151104165600.0</controlfield>
      <controlfield tag="008">011211|||a||||aab|||||||||||||||||||||||</controlfield>
      <datafield ind1="2" ind2=" " tag="110">
        <subfield code="a">&lt;&lt;ha-&gt;&gt;Bima</subfield>
        <subfield code="9">lat</subfield>
      </datafield>
      <datafield ind1="2" ind2=" " tag="110">
        <subfield code="a">&lt;&lt;?'?-&gt;&gt;????</subfield>
        <subfield code="9">cyr</subfield>
      </datafield>
      <datafield ind1="2" ind2=" " tag="110">
        <subfield code="a">&lt;&lt;?&gt;&gt;???? (??????)</subfield>
        <subfield code="9">heb</subfield>
      </datafield>
      <datafield ind1="2" ind2=" " tag="410">
        <subfield code="a">&lt;&lt;ha-&gt;&gt;Bimah</subfield>
        <subfield code="9">lat</subfield>
      </datafield>
      <datafield ind1="2" ind2=" " tag="410">
        <subfield code="a">National Theatre Habimah (Israel)</subfield>
        <subfield code="9">lat</subfield>
      </datafield>
      <datafield ind1="2" ind2=" " tag="410">
        <subfield code="a">&lt;&lt;ha-&gt;&gt;Bima, ha-teatron ha-leummi</subfield>
        <subfield code="9">lat</subfield>
      </datafield>
      <datafield ind1="2" ind2=" " tag="410">
        <subfield code="a">Theatre Habimah</subfield>
        <subfield code="9">lat</subfield>
      </datafield>
      <datafield ind1="2" ind2=" " tag="410">
        <subfield code="a">Habimah National Theatre</subfield>
        <subfield code="9">lat</subfield>
      </datafield>
      <datafield ind1="2" ind2=" " tag="410">
        <subfield code="a">Teatron ha-Bima</subfield>
        <subfield code="9">lat</subfield>
      </datafield>
      <datafield ind1="2" ind2=" " tag="410">
        <subfield code="a">Habimah</subfield>
        <subfield code="9">lat</subfield>
      </datafield>
      <datafield ind1="2" ind2=" " tag="410">
        <subfield code="a">&lt;&lt;ha-&gt;&gt;Teatron ha-leummi ha-Bima</subfield>
        <subfield code="9">lat</subfield>
      </datafield>
      <datafield ind1="2" ind2=" " tag="410">
        <subfield code="a">??????</subfield>
        <subfield code="9">cyr</subfield>
      </datafield>
      <datafield ind1="2" ind2=" " tag="410">
        <subfield code="a">?????? (???????????? ????? ???????)</subfield>
        <subfield code="9">cyr</subfield>
      </datafield>
      <datafield ind1="2" ind2=" " tag="410">
        <subfield code="a">?????? (??????)</subfield>
        <subfield code="9">cyr</subfield>
      </datafield>
      <datafield ind1="2" ind2=" " tag="410">
        <subfield code="a">&lt;&lt;?'?-&gt;&gt;??????? ?'?-????? ?'?-????</subfield>
        <subfield code="9">cyr</subfield>
      </datafield>
      <datafield ind1="2" ind2=" " tag="410">
        <subfield code="a">??????????????? ????????????? ?????-?????? "??????" (??????)</subfield>
        <subfield code="9">cyr</subfield>
      </datafield>
      <datafield ind1="2" ind2=" " tag="410">
        <subfield code="a">?????-?????? "??????" (??????)</subfield>
        <subfield code="9">cyr</subfield>
      </datafield>
      <datafield ind1="2" ind2=" " tag="410">
        <subfield code="a">????? (??????)</subfield>
        <subfield code="9">heb</subfield>
      </datafield>
      <datafield ind1="2" ind2=" " tag="410">
        <subfield code="a">?????? ?????</subfield>
        <subfield code="9">heb</subfield>
      </datafield>
      <datafield ind1="2" ind2=" " tag="410">
        <subfield code="a">??????? ?????</subfield>
        <subfield code="9">heb</subfield>
      </datafield>
      <datafield ind1="2" ind2=" " tag="410">
        <subfield code="a">&lt;&lt;?&gt;&gt;??????? ?????? ?????</subfield>
        <subfield code="9">heb</subfield>
      </datafield>
      <datafield ind1="2" ind2=" " tag="410">
        <subfield code="a">&lt;&lt;?&gt;&gt;???? - ???????? ??????</subfield>
        <subfield code="9">heb</subfield>
      </datafield>
      <datafield ind1=" " ind2=" " tag="667">
        <subfield code="a">Heading merged from record: 000001572</subfield>
      </datafield>
      <datafield ind1=" " ind2=" " tag="667">
        <subfield code="a">Heading merged from record: 000004642</subfield>
      </datafield>
      <datafield ind1=" " ind2=" " tag="670">
        <subfield code="a">LCN: Habimah</subfield>
      </datafield>
      <datafield ind1=" " ind2=" " tag="670">
        <subfield code="a">LCN: Habimah; note: repertory theater company founded in Moscow, 1917; now the national theater of Israel</subfield>
      </datafield>
      <datafield ind1=" " ind2=" " tag="670">
        <subfield code="a">???????. 2010.</subfield>
      </datafield>
      <datafield ind1=" " ind2=" " tag="901">
        <subfield code="a">122524458</subfield>
      </datafield>
    <datafield ind1=" " ind2=" " tag="999">
<subfield code="9">lat</subfield>
<subfield code="a">"The Habima Theatre (תיאטורון הבימה - Teat'ron HaBima, lit. \"The Stage Theatre\") is the national theatre of Israel and one of the first Hebrew language theatres. It is located in Habima Square in the center of Tel Aviv."</subfield>
</datafield>
<datafield ind1=" " ind2=" " tag="999">
<subfield code="9">heb</subfield>
<subfield code="a">"הבימה הוא התיאטרון הלאומי של ישראל. הוא פועל ברציפות, מאז הקמתו הרשמית בשנת 1917, תחילה במוסקבה ואחר כך בארץ ישראל. משנת 1945 משמש את התיאטרון בית הבימה בתל אביב. התיאטרון חבר ב\"איחוד תיאטרוני אירופה\".\n\n"</subfield>
</datafield>
</record>