

<record xsi:schemaLocation="http://www.loc.gov/MARC21/slim http://www.loc.gov/standards/marcxml/schema/MARC21slim.xsd">
  <leader>     nz  a22     n  4500</leader>
  <controlfield tag="001">000001325</controlfield>
  <controlfield tag="005">20150922152427.0</controlfield>
  <controlfield tag="008">000108|||a||||aab|||||||||||||||||||||||</controlfield>
  <datafield ind1="2" ind2=" " tag="110">
    <subfield code="a">&lt;&lt;ha-&gt;&gt;Tizmoret ha-filharmonit ha-yisreelit</subfield>
    <subfield code="9">lat</subfield>
  </datafield>
  <datafield ind1="2" ind2=" " tag="110">
    <subfield code="a">&lt;&lt;?&gt;&gt;?????? ??????????? ????????</subfield>
    <subfield code="9">heb</subfield>
  </datafield>
  <datafield ind1="2" ind2=" " tag="410">
    <subfield code="a">&lt;&lt;?&gt;&gt;????? ?????????? ????????</subfield>
    <subfield code="9">heb</subfield>
  </datafield>
  <datafield ind1="2" ind2=" " tag="410">
    <subfield code="a">&lt;&lt;?&gt;&gt;??????? ??????????? ????????</subfield>
    <subfield code="9">heb</subfield>
  </datafield>
  <datafield ind1="2" ind2=" " tag="410">
    <subfield code="a">IPO</subfield>
    <subfield code="9">lat</subfield>
  </datafield>
  <datafield ind1="2" ind2=" " tag="410">
    <subfield code="a">I.P.O.</subfield>
    <subfield code="9">lat</subfield>
  </datafield>
  <datafield ind1="2" ind2=" " tag="410">
    <subfield code="a">Orchestre philharmonique d'Isra�l</subfield>
    <subfield code="9">lat</subfield>
  </datafield>
  <datafield ind1="2" ind2=" " tag="410">
    <subfield code="a">Palestine Orchestra</subfield>
    <subfield code="9">lat</subfield>
  </datafield>
  <datafield ind1="2" ind2=" " tag="410">
    <subfield code="a">Israel Philharmonisches Orchester</subfield>
    <subfield code="9">lat</subfield>
  </datafield>
  <datafield ind1="2" ind2=" " tag="410">
    <subfield code="a">Israel Philharmonic Orchestra</subfield>
    <subfield code="9">lat</subfield>
  </datafield>
  <datafield ind1="2" ind2=" " tag="410">
    <subfield code="a">&lt;&lt;The&gt;&gt; Israel Philharmonic Orchestra</subfield>
    <subfield code="9">lat</subfield>
  </datafield>
  <datafield ind1="2" ind2=" " tag="510">
    <subfield code="a">&lt;&lt;?&gt;&gt;????? ???? ???????</subfield>
    <subfield code="9">heb</subfield>
  </datafield>
  <datafield ind1="2" ind2=" " tag="510">
    <subfield code="a">&lt;&lt;?&gt;&gt;????? ??????????? ???? ???????</subfield>
    <subfield code="9">heb</subfield>
  </datafield>
  <datafield ind1=" " ind2=" " tag="667">
    <subfield code="a">Heading merged from record: 000232586</subfield>
  </datafield>
  <datafield ind1=" " ind2=" " tag="670">
    <subfield code="a">???: ?????? ?-70 ??????? ??????????? ????????, 2006.</subfield>
  </datafield>
  <datafield ind1=" " ind2=" " tag="670">
    <subfield code="a">LCN</subfield>
  </datafield>
  <datafield ind1=" " ind2=" " tag="680">
    <subfield code="a">???? ??? ????? ?????.</subfield>
  </datafield>
  <datafield ind1=" " ind2=" " tag="901">
    <subfield code="a">144786858</subfield>
  </datafield>
</record>