

<record xsi:schemaLocation="http://www.loc.gov/MARC21/slim http://www.loc.gov/standards/marcxml/schema/MARC21slim.xsd">
  <leader>     nz  a22     n  4500</leader>
  <controlfield tag="001">000006268</controlfield>
  <controlfield tag="005">20131224102007.0</controlfield>
  <controlfield tag="008">000220|||a||||aab|||||||||||||||||||||||</controlfield>
  <datafield ind1=" " ind2=" " tag="046">
    <subfield code="f">1930</subfield>
    <subfield code="g">2013</subfield>
    <subfield code="2">edtf</subfield>
  </datafield>
  <datafield ind1="1" ind2=" " tag="100">
    <subfield code="a">Abrahami, Izzy</subfield>
    <subfield code="9">lat</subfield>
  </datafield>
  <datafield ind1="1" ind2=" " tag="100">
    <subfield code="a">??????, ?????,</subfield>
    <subfield code="d">1930-2013</subfield>
    <subfield code="9">heb</subfield>
  </datafield>
  <datafield ind1="1" ind2=" " tag="400">
    <subfield code="a">Avrahami, Izi</subfield>
    <subfield code="9">lat</subfield>
  </datafield>
  <datafield ind1="1" ind2=" " tag="400">
    <subfield code="a">??????, ????</subfield>
    <subfield code="9">heb</subfield>
  </datafield>
  <datafield ind1="1" ind2=" " tag="400">
    <subfield code="a">?????, ?????</subfield>
    <subfield code="9">heb</subfield>
  </datafield>
  <datafield ind1=" " ind2=" " tag="667">
    <subfield code="a">Viaf cluster heading merged from record 000163396</subfield>
  </datafield>
  <datafield ind1=" " ind2=" " tag="667">
    <subfield code="a">?????? ????? ?????? ??????? ?? ???? ?? ?????</subfield>
  </datafield>
  <datafield ind1=" " ind2=" " tag="670">
    <subfield code="a">LCN</subfield>
  </datafield>
  <datafield ind1=" " ind2=" " tag="901">
    <subfield code="a">79312582</subfield>
  </datafield>
  <datafield ind1=" " ind2=" " tag="921">
    <subfield code="a">hhl 201312</subfield>
  </datafield>
</record>