

<record xsi:schemaLocation="http://www.loc.gov/MARC21/slim http://www.loc.gov/standards/marcxml/schema/MARC21slim.xsd">
  <leader>     nz  a22     n  4500</leader>
  <controlfield tag="001">000006704</controlfield>
  <controlfield tag="008">000108|||a||||aab|||||||||||||||||||||||</controlfield>
  <datafield ind1=" " ind2=" " tag="046">
    <subfield code="f">1886</subfield>
    <subfield code="g">1943</subfield>
    <subfield code="2">edtf</subfield>
  </datafield>
  <datafield ind1="1" ind2=" " tag="100">
    <subfield code="a">Achron, Joseph,</subfield>
    <subfield code="d">1886-1943</subfield>
    <subfield code="9">lat</subfield>
  </datafield>
  <datafield ind1="1" ind2=" " tag="100">
    <subfield code="a">?????, ????? ???????,</subfield>
    <subfield code="d">1886-1943</subfield>
    <subfield code="9">cyr</subfield>
  </datafield>
  <datafield ind1="1" ind2=" " tag="100">
    <subfield code="a">?????, ????,</subfield>
    <subfield code="d">1886-1943</subfield>
    <subfield code="9">heb</subfield>
  </datafield>
  <datafield ind1="1" ind2=" " tag="400">
    <subfield code="a">?????, ????</subfield>
    <subfield code="9">heb</subfield>
  </datafield>
  <datafield ind1=" " ind2=" " tag="667">
    <subfield code="a">Heading merged from record: 000379388</subfield>
  </datafield>
  <datafield ind1=" " ind2=" " tag="667">
    <subfield code="a">Heading merged from record: 000164546</subfield>
  </datafield>
  <datafield ind1=" " ind2=" " tag="670">
    <subfield code="a">LCN data</subfield>
  </datafield>
  <datafield ind1=" " ind2=" " tag="670">
    <subfield code="a">" ... ???? ? ??? ?????????? "?? ?????" ... " [??????], 2010.</subfield>
  </datafield>
  <datafield ind1=" " ind2=" " tag="670">
    <subfield code="a">????? ???????? ??????. ??"?.</subfield>
  </datafield>
  <datafield ind1=" " ind2=" " tag="901">
    <subfield code="a">19867866</subfield>
  </datafield>
  <datafield ind1=" " ind2=" " tag="985">
    <subfield code="a">ACUM-00000116858</subfield>
  </datafield>
</record>