

<record xsi:schemaLocation="http://www.loc.gov/MARC21/slim http://www.loc.gov/standards/marcxml/schema/MARC21slim.xsd">
  <leader>     nz  a22     n  4500</leader>
  <controlfield tag="001">000007187</controlfield>
  <controlfield tag="005">20110529202333.0</controlfield>
  <controlfield tag="008">000410|||a||||aab|||||||||||||||||||||||</controlfield>
  <datafield ind1="1" ind2=" " tag="100">
    <subfield code="a">Admon, Yedidya,</subfield>
    <subfield code="d">1894-1982</subfield>
    <subfield code="9">lat</subfield>
  </datafield>
  <datafield ind1="1" ind2=" " tag="100">
    <subfield code="a">?????, ??????,</subfield>
    <subfield code="d">1894-1985</subfield>
    <subfield code="9">heb</subfield>
  </datafield>
  <datafield ind1="1" ind2=" " tag="400">
    <subfield code="a">Admon-Gorochov, Yedidya,</subfield>
    <subfield code="d">1894-1982</subfield>
    <subfield code="9">lat</subfield>
  </datafield>
  <datafield ind1="1" ind2=" " tag="400">
    <subfield code="a">Admon, Yedidya,</subfield>
    <subfield code="d">b. 1894</subfield>
    <subfield code="9">lat</subfield>
  </datafield>
  <datafield ind1="1" ind2=" " tag="400">
    <subfield code="a">Admon, J.,</subfield>
    <subfield code="d">1894-</subfield>
    <subfield code="9">lat</subfield>
  </datafield>
  <datafield ind1="1" ind2=" " tag="400">
    <subfield code="a">Gorochov, Yedidya,</subfield>
    <subfield code="d">b. 1894</subfield>
    <subfield code="9">lat</subfield>
  </datafield>
  <datafield ind1="1" ind2=" " tag="400">
    <subfield code="a">Admon, Jedidiah,</subfield>
    <subfield code="d">1894-1982</subfield>
    <subfield code="9">lat</subfield>
  </datafield>
  <datafield ind1="1" ind2=" " tag="400">
    <subfield code="a">???????, ??????</subfield>
    <subfield code="9">heb</subfield>
  </datafield>
  <datafield ind1=" " ind2=" " tag="667">
    <subfield code="a">Viaf cluster heading merged from record 000163839</subfield>
  </datafield>
  <datafield ind1=" " ind2=" " tag="667">
    <subfield code="a">?? ??? ??????, ???"?: ?????, ?????? (???????)</subfield>
  </datafield>
  <datafield ind1=" " ind2=" " tag="670">
    <subfield code="a">LCN: Admon, J., 1894-</subfield>
  </datafield>
  <datafield ind1=" " ind2=" " tag="670">
    <subfield code="a">???: ???? ??????? ??????? - ????? ???? ???"?-???"?.</subfield>
  </datafield>
  <datafield ind1=" " ind2=" " tag="670">
    <subfield code="a">Record enhanced with data from Bibliography of the Hebrew Book database</subfield>
  </datafield>
  <datafield ind1=" " ind2=" " tag="670">
    <subfield code="a">Who's who in world Jewry, New York 1955, p. 13.</subfield>
  </datafield>
  <datafield ind1=" " ind2=" " tag="670">
    <subfield code="a">Who is who in ACUM, 1965, p. 1.</subfield>
  </datafield>
  <datafield ind1=" " ind2=" " tag="670">
    <subfield code="a">?' ????, ????? ?????? ???"?, ??' 16</subfield>
  </datafield>
  <datafield ind1=" " ind2=" " tag="678">
    <subfield code="a">???? ?? ??: : ??? ?????: ???????.</subfield>
  </datafield>
  <datafield ind1=" " ind2=" " tag="678">
    <subfield code="a">???? ????: ???????</subfield>
  </datafield>
  <datafield ind1=" " ind2=" " tag="678">
    <subfield code="a">???? ????: Jerusalem</subfield>
  </datafield>
  <datafield ind1=" " ind2=" " tag="678">
    <subfield code="a">????? ???? ????: ???"? [1897]</subfield>
  </datafield>
  <datafield ind1=" " ind2=" " tag="678">
    <subfield code="a">??: ???? ??????, 1894, ???? ???? ???? 1905.</subfield>
  </datafield>
  <datafield ind1="1" ind2="7" tag="700">
    <subfield code="a">?????, ??????</subfield>
    <subfield code="2">bhb</subfield>
    <subfield code="9">heb</subfield>
  </datafield>
  <datafield ind1="1" ind2="7" tag="700">
    <subfield code="a">ADMON, JEDIDIAH</subfield>
    <subfield code="2">bhb</subfield>
    <subfield code="9">lat</subfield>
  </datafield>
  <datafield ind1=" " ind2=" " tag="901">
    <subfield code="a">33319351</subfield>
  </datafield>
  <datafield ind1=" " ind2=" " tag="903">
    <subfield code="a">000002985</subfield>
  </datafield>
  <datafield ind1=" " ind2=" " tag="985">
    <subfield code="a">ACUM-00000201186</subfield>
  </datafield>
</record>