

<record xsi:schemaLocation="http://www.loc.gov/MARC21/slim http://www.loc.gov/standards/marcxml/schema/MARC21slim.xsd">
  <leader>     nz  a22     n  4500</leader>
  <controlfield tag="001">000007376</controlfield>
  <controlfield tag="005">20140216112943.0</controlfield>
  <controlfield tag="008">031229|||a||||aab|||||||||||||||||||||||</controlfield>
  <datafield ind1=" " ind2=" " tag="046">
    <subfield code="f">1947</subfield>
    <subfield code="g">1998</subfield>
    <subfield code="2">edtf</subfield>
  </datafield>
  <datafield ind1="1" ind2=" " tag="100">
    <subfield code="a">Agassi, Meir,</subfield>
    <subfield code="d">1947-1998</subfield>
    <subfield code="9">lat</subfield>
  </datafield>
  <datafield ind1="1" ind2=" " tag="100">
    <subfield code="a">????, ????,</subfield>
    <subfield code="d">1947-1998</subfield>
    <subfield code="9">heb</subfield>
  </datafield>
  <datafield ind1=" " ind2=" " tag="667">
    <subfield code="a">Viaf cluster heading merged from record 000266879</subfield>
  </datafield>
  <datafield ind1=" " ind2=" " tag="670">
    <subfield code="a">???: &lt;&lt;?&gt;&gt;?? ?????, ???"? 2008.</subfield>
  </datafield>
  <datafield ind1=" " ind2=" " tag="670">
    <subfield code="a">LCN: Agassi, Meir, 1947- ; Cf. The Meir Agassi Museum: d. 1998</subfield>
  </datafield>
  <datafield ind1=" " ind2=" " tag="901">
    <subfield code="a">49559649</subfield>
  </datafield>
  <datafield ind1=" " ind2=" " tag="985">
    <subfield code="a">ACUM-00142947072</subfield>
  </datafield>
</record>
</collection>
